% Encoding: UTF-8

@article{arias2006,
  author={Jorge R. {Arias}},
  title={What is an epidemiological week and why do we use them?},
  journal={The Seeker},
  volume=6,
  number=1,
  pages={7},
  year=2006,
  month={apr},
  url={https://www.cmmcp.org/sites/cmmcp/files/uploads/spring_skeeter_06.pdf}
}