 @article{Azizi_Montalvo_Espinoza_Kang_Castillo-Chavez_2020, 
 title={{Epidemics on networks: {R}educing disease transmission using health emergency declarations and peer communication}}, 
 volume={5}, 
 ISSN={24680427}, 
 DOI={10.1016/j.idm.2019.11.002}, 
 journal={{Infectious Disease Modelling}}, 
 author={Azizi, Asma and Montalvo, Cesar and Espinoza, Baltazar and Kang, Yun and Castillo-Chavez, Carlos}, 
 year={2020},
 month={Sep},
 pages={12–22} 
 }
 
 @article{Badham_Barbrook-Johnson_Caiado_Castellani_2021,
title={{Justified Stories with Agent-Based Modelling for Local COVID-19 Planning}},
volume={24}, 
ISSN={1460-7425}, DOI={10.18564/jasss.4532},
number={1}, 
journal={{Journal of Artificial Societies and Social Simulation}}, 
author={Badham, Jennifer and Barbrook-Johnson, Pete and Caiado, Camila and Castellani, Brian}, 
year={2021},
 pages={8} 
 }

@article{Horl_2017,
 title= {Agent-based simulation of autonomous taxi services with dynamic demand responses},
 volume = 109, 
 DOI= {10.1016/j.procs.2017.05.418},
 journal= {Procedia Computer Science},
 author= {H{\"{o}}rl, Sebastian},
 year = 2017,
 pages = {899--904}
}

@article{Lipsitch_etal_2011,  
title={Improving the Evidence Base for Decision Making During a Pandemic: The Example of 2009 Influenza A/H1N1},
volume={9}, 
number={2}, 
journal={Biosecurity and Bioterrorism}, 
author={Lipsitch, Marc and 
Finelli, Lyn and 
Heffernan, Richard T and 
Leung, Gabriel M and 
Redd, Stephen C}, 
year={2011}, 
pages={28}, 
DOI={10.1089/bsp.2011.0007}
}

@article{Maringe_etal_2020, 
title={The impact of the COVID-19 pandemic on cancer deaths due to delays in diagnosis in England, UK: a national, population-based, modelling study}, 
volume={21}, 
ISSN={14702045}, 
DOI={10.1016/S1470-2045(20)30388-0}, 
number={8},
journal={The Lancet Oncology}, 
author={Maringe, Camille and 
Spicer, James and 
Morris, Melanie and 
Purushotham, Arnie and 
Nolte, Ellen and
Sullivan, Richard and 
Rachet, Bernard and 
Aggarwal, Ajay},
year={2020}, 
month={Aug}, 
pages={1023–-1034}
}
 
@article{Pasquini_etal_2017, 
title={Value for Money in H1N1 Influenza: A Systematic Review of the Cost-Effectiveness of Pandemic Interventions}, 
volume={20}, 
ISSN={10983015}, 
DOI={10.1016/j.jval.2016.05.005},
number={6},
journal={Value in Health}, 
author={Pasquini-Descomps, H\'{e}l\`{a}ne and
Brender, Nathalie and 
Maradan, David}, 
year={2017}, 
month={Jun}, 
pages={819–-827}
}

 
@article{Samitas2018,
 title = {Brexit and financial stability: An agent-based simulation},
 volume = 69,
 DOI = {10.1016/j.econmod.2017.09.019},
 journal = {Economic Modelling},
 author= {Samitas, Aristeidis and
 Polyzos, Stathis and Siriopoulos,
  Costas}, year= {2018},
 pages = {181--192}
}
 

@book{kiss_mathematics_2017,
	address = {Cham},
	edition = {1st ed. 2017},
	series = {Interdisciplinary {Applied} {Mathematics}},
	title = {Mathematics of {Epidemics} on {Networks}: {From} {Exact} to {Approximate} {Models}},
	isbn = {978-3-319-50806-1},
	shorttitle = {Mathematics of {Epidemics} on {Networks}},
	number = {46},
	publisher = {Springer International Publishing : Imprint: Springer},
	author = {Kiss, István Z. and Miller, Joel C. and Simon, Péter L.},
	year = {2017},
	doi = {10.1007/978-3-319-50806-1},
	keywords = {Probabilities, Applications of Graph Theory and Complex Networks, Biomathematics, Dynamical Systems and Ergodic Theory, Dynamics, Epidemiology, Ergodic theory, Mathematical and Computational Biology, Physics, Probability Theory and Stochastic Processes}
}

@book{brauer_mathematical_2008,
	address = {Berlin},
	series = {Mathematical biosciences subseries},
	title = {Mathematical epidemiology},
	isbn = {978-3-540-78910-9},
	number = {1945},
	publisher = {Springer},
	editor = {Brauer, Fred and Van den Driessche, Pauline and Wu, Jianhong and Allen, Linda J. S.},
	year = {2008},
	note = {OCLC: ocn229446076},
	keywords = {Biomathematics, Epidemiology, Aufsatzsammlung, Epidemiologie, Mathematical models, Mathematisches Modell, Public health}
}

@article{britton_stochastic_2010,
	title = {Stochastic epidemic models: {A} survey},
	volume = {225},
	issn = {00255564},
	shorttitle = {Stochastic epidemic models},
	url = {https://linkinghub.elsevier.com/retrieve/pii/S0025556410000143},
	doi = {10.1016/j.mbs.2010.01.006},
	number = {1},
	urldate = {2020-09-16},
	journal = {Mathematical Biosciences},
	author = {Britton, Tom},
	month = may,
	year = {2010},
	pages = {24--35},
	file = {Submitted Version:/Users/palafox/Zotero/storage/DGQB44MG/Britton - 2010 - Stochastic epidemic models A survey.pdf:application/pdf}
}

 @article{analysis_control_2016, 
 	title={Analysis and Control of Epidemics: A Survey of Spreading Processes on Complex Networks},
 	 volume={36}, 
 	 ISSN={1066-033X, 1941-000X}, 
 	 DOI={10.1109/MCS.2015.2495000},
 	  number={1},
 	   journal={IEEE Control Systems}, 
 	   author={Nowzari, Cameron and Preciado, Victor M and Pappas, George J.}, 
 	   year={2016}, 
 	   month={Feb},
 	    pages={26–46} }


@article{pellis_eight_2015,
	title = {Eight challenges for network epidemic models},
	volume = {10},
	issn = {17554365},
	url = {https://linkinghub.elsevier.com/retrieve/pii/S1755436514000334},
	doi = {10.1016/j.epidem.2014.07.003},
	language = {en},
	urldate = {2020-09-16},
	journal = {Epidemics},
	author = {Pellis, Lorenzo and Ball, Frank and Bansal, Shweta and Eames, Ken and House, Thomas and Isham, Valerie and Trapman, Pieter},
	month = mar,
	year = {2015},
	pages = {58--62},
	file = {Full Text:/Users/palafox/Zotero/storage/Q7ZYHHW3/Pellis et al. - 2015 - Eight challenges for network epidemic models.pdf:application/pdf}
}

@article{spricer_sir_2019,
	title = {An {SIR} epidemic on a weighted network},
	volume = {7},
	issn = {2050-1242, 2050-1250},
	url = {https://www.cambridge.org/core/product/identifier/S2050124219000547/type/journal_article},
	doi = {10.1017/nws.2019.54},
	language = {en},
	number = {4},
	urldate = {2020-09-16},
	journal = {Network Science},
	author = {Spricer, Kristoffer and Britton, Tom},
	month = dec,
	year = {2019},
	pages = {556--580},
	file = {Full Text:/Users/palafox/Zotero/storage/6PD5LE3U/Spricer and Britton - 2019 - An SIR epidemic on a weighted network.pdf:application/pdf}
}

@article{ball_epidemics_2020,
	title = {Epidemics on networks with preventive rewiring},
	url = {http://arxiv.org/abs/2008.06375},
	urldate = {2020-09-16},
	journal = {arXiv:2008.06375 [math]},
	author = {Ball, Frank and Britton, Tom},
	month = aug,
	year = {2020},
	note = {arXiv: 2008.06375},
	keywords = {60K35, 92D30, 05C80 (Primary) 60J80, 60K85, 60F05 (Secondary), Mathematics - Probability},
	annote = {Comment: 49 pages, 5 figures},
	file = {arXiv Fulltext PDF:/Users/palafox/Zotero/storage/LB4XHIJ7/Ball and Britton - 2020 - Epidemics on networks with preventive rewiring.pdf:application/pdf;arXiv.org Snapshot:/Users/palafox/Zotero/storage/77YBTTSD/2008.html:text/html}
}

@article{britton_epidemic_2019,
	title = {Epidemic models on social networks -- with inference},
	url = {http://arxiv.org/abs/1908.05517},
	urldate = {2020-09-16},
	journal = {arXiv:1908.05517 [math, q-bio, stat]},
	author = {Britton, Tom},
	month = aug,
	year = {2019},
	note = {arXiv: 1908.05517},
	keywords = {Mathematics - Probability, Quantitative Biology - Populations and Evolution, Statistics - Methodology},
	annote = {Comment: 20 pages, 4 figures},
	file = {arXiv Fulltext PDF:/Users/palafox/Zotero/storage/2F3R522A/Britton - 2019 - Epidemic models on social networks -- with inferen.pdf:application/pdf;arXiv.org Snapshot:/Users/palafox/Zotero/storage/586SYGU9/1908.html:text/html}
}

@article{ottaviano_aspects_2019,
	title = {Some aspects of the {Markovian} {SIRS} epidemics on networks and its mean-field approximation},
	url = {http://arxiv.org/abs/1912.11287},
	urldate = {2020-09-16},
	journal = {arXiv:1912.11287 [math, q-bio]},
	author = {Ottaviano, Stefania and Bonaccorsi, Stefano},
	month = dec,
	year = {2019},
	note = {arXiv: 1912.11287},
	keywords = {Mathematics - Probability, Quantitative Biology - Populations and Evolution, 60J28, 82C20, 34A34, 34D20, Mathematics - Dynamical Systems},
	file = {arXiv Fulltext PDF:/Users/palafox/Zotero/storage/YSDCITWA/Ottaviano and Bonaccorsi - 2019 - Some aspects of the Markovian SIRS epidemics on ne.pdf:application/pdf;arXiv.org Snapshot:/Users/palafox/Zotero/storage/C7AHWG85/1912.html:text/html}
}

@article{lashari_duration_2020,
	title = {The duration of an \${SIR}\$ epidemic on a configuration model},
	url = {http://arxiv.org/abs/1805.05117},
	urldate = {2020-09-16},
	journal = {arXiv:1805.05117 [math]},
	author = {Lashari, Abid Ali and Serafimović, Ana and Trapman, Pieter},
	month = feb,
	year = {2020},
	note = {arXiv: 1805.05117},
	keywords = {Mathematics - Probability, Primary: 60K35, 92D30, 05C80 Secondary: 60J80, 91D30},
	file = {arXiv Fulltext PDF:/Users/palafox/Zotero/storage/LX8CRF7V/Lashari et al. - 2020 - The duration of an \$SIR\$ epidemic on a configurati.pdf:application/pdf;arXiv.org Snapshot:/Users/palafox/Zotero/storage/E6Z3LDUH/1805.html:text/html}
}

@article{fransson_sir_2019,
	title = {{SIR} epidemics and vaccination on random graphs with clustering},
	volume = {78},
	issn = {0303-6812, 1432-1416},
	url = {http://link.springer.com/10.1007/s00285-019-01347-2},
	doi = {10.1007/s00285-019-01347-2},
	language = {en},
	number = {7},
	urldate = {2020-09-16},
	journal = {Journal of Mathematical Biology},
	author = {Fransson, Carolina and Trapman, Pieter},
	month = jun,
	year = {2019},
	pages = {2369--2398},
	file = {Full Text:/Users/palafox/Zotero/storage/HTZ5NPD3/Fransson and Trapman - 2019 - SIR epidemics and vaccination on random graphs wit.pdf:application/pdf}
}

@book{britton_stochastic_2019,
	address = {Cham},
	series = {Lecture {Notes} in {Mathematics}},
	title = {Stochastic {Epidemic} {Models} with {Inference}},
	volume = {2255},
	isbn = {978-3-030-30899-5 978-3-030-30900-8},
	url = {http://link.springer.com/10.1007/978-3-030-30900-8},
	language = {en},
	urldate = {2020-09-16},
	publisher = {Springer International Publishing},
	editor = {Britton, Tom and Pardoux, Etienne},
	year = {2019},
	doi = {10.1007/978-3-030-30900-8},
	file = {Submitted Version:/Users/palafox/Zotero/storage/88J2ZLQN/Britton and Pardoux - 2019 - Stochastic Epidemic Models with Inference.pdf:application/pdf}
}

@article{zhong_stability_2017,
	title = {Stability of stochastic {SIRS} epidemic models with saturated incidence rates and delay},
	volume = {35},
	issn = {0736-2994, 1532-9356},
	url = {https://www.tandfonline.com/doi/full/10.1080/07362994.2016.1244644},
	doi = {10.1080/07362994.2016.1244644},
	language = {en},
	number = {1},
	urldate = {2020-09-16},
	journal = {Stochastic Analysis and Applications},
	author = {Zhong, Xiaoyun and Guo, Shangjiang and Peng, Minfang},
	month = jan,
	year = {2017},
	pages = {1--26}
}

@article{lopez-garcia_stochastic_2016,
	title = {Stochastic descriptors in an {SIR} epidemic model for heterogeneous individuals in small networks},
	volume = {271},
	issn = {00255564},
	url = {https://linkinghub.elsevier.com/retrieve/pii/S0025556415002163},
	doi = {10.1016/j.mbs.2015.10.010},
	language = {en},
	urldate = {2020-09-16},
	journal = {Mathematical Biosciences},
	author = {López-García, M.},
	month = jan,
	year = {2016},
	pages = {42--61}
}

@article{cai_stochastic_2017,
	title = {A stochastic {SIRS} epidemic model with nonlinear incidence rate},
	volume = {305},
	issn = {00963003},
	url = {https://linkinghub.elsevier.com/retrieve/pii/S0096300317300991},
	doi = {10.1016/j.amc.2017.02.003},
	language = {en},
	urldate = {2020-09-16},
	journal = {Applied Mathematics and Computation},
	author = {Cai, Yongli and Kang, Yun and Wang, Weiming},
	month = jul,
	year = {2017},
	pages = {221--240}
}

@article{li_analysis_2014,
	title = {Analysis of epidemic spreading of an {SIRS} model in complex heterogeneous networks},
	volume = {19},
	issn = {10075704},
	url = {https://linkinghub.elsevier.com/retrieve/pii/S1007570413003833},
	doi = {10.1016/j.cnsns.2013.08.033},
	language = {en},
	number = {4},
	urldate = {2020-09-16},
	journal = {Communications in Nonlinear Science and Numerical Simulation},
	author = {Li, Chun-Hsien and Tsai, Chiung-Chiou and Yang, Suh-Yuh},
	month = apr,
	year = {2014},
	pages = {1042--1054}
}

@article{trapman_useful_2009,
	title = {A useful relationship between epidemiology and queueing theory: {The} distribution of the number of infectives at the moment of the first detection},
	volume = {219},
	issn = {00255564},
	shorttitle = {A useful relationship between epidemiology and queueing theory},
	url = {https://linkinghub.elsevier.com/retrieve/pii/S0025556409000364},
	doi = {10.1016/j.mbs.2009.02.001},
	language = {en},
	number = {1},
	urldate = {2020-09-16},
	journal = {Mathematical Biosciences},
	author = {Trapman, Pieter and Bootsma, Martinus Christoffel Jozef},
	month = may,
	year = {2009},
	pages = {15--22}
}

@book{liggett_stochastic_1999,
	address = {Berlin, Heidelberg},
	series = {Grundlehren der mathematischen {Wissenschaften}},
	title = {Stochastic {Interacting} {Systems}: {Contact}, {Voter} and {Exclusion} {Processes}},
	volume = {324},
	isbn = {978-3-642-08529-1 978-3-662-03990-8},
	shorttitle = {Stochastic {Interacting} {Systems}},
	url = {http://link.springer.com/10.1007/978-3-662-03990-8},
	urldate = {2020-09-16},
	publisher = {Springer Berlin Heidelberg},
	author = {Liggett, Thomas M.},
	editor = {Chern, S. S. and Eckmann, B. and de la Harpe, P. and Hironaka, H. and Hirzebruch, F. and Hitchin, N. and Hörmander, L. and Knus, M.-A. and Kupiainen, A. and Lannes, J. and Lebeau, G. and Ratner, M. and Serre, D. and Sinai, Ya. G. and Sloane, N. J. A. and Tits, J. and Waldschmidt, M. and Watanabe, S. and Berger, M. and Coates, J. and Varadhan, S. R. S.},
	year = {1999},
	doi = {10.1007/978-3-662-03990-8}
}



@article{mieghem_2011,
	title = {Decreasing the spectral radius of a graph by link removals},
	volume = {84},
	issn = {1539-3755, 1550-2376},
	url = {https://link.aps.org/doi/10.1103/PhysRevE.84.016101},
	doi = {10.1103/PhysRevE.84.016101},
	language = {en},
	number = {1},
	urldate = {2020-09-16},
	journal = {Physical Review E},
	author = {Van Mieghem, Piet and Stevanović, Dragan and Kuipers, Fernando and Li, Cong and van de Bovenkamp, Ruud and Liu, Daijie and Wang, Huijuan},
	month = jul,
	year = {2011},
	pages = {016101},
	file = {Full Text:/Users/palafox/Zotero/storage/XSLBQBUI/Van Mieghem et al. - 2011 - Decreasing the spectral radius of a graph by link .pdf:application/pdf}
}

@inproceedings{prakash,
	title = {Fractional {Immunization} in {Networks}},
	isbn = {978-1-61197-262-7 978-1-61197-283-2},
	url = {https://epubs.siam.org/doi/10.1137/1.9781611972832.73},
	doi = {10.1137/1.9781611972832.73},
	language = {en},
	urldate = {2020-09-16},
	booktitle = {Proceedings of the 2013 {SIAM} {International} {Conference} on {Data} {Mining}},
	publisher = {Society for Industrial and Applied Mathematics},
	author = {Prakash, B. Aditya and Adamic, Lada and Iwashyna, Theodore and Tong, Hanghang and Faloutsos, Christos},
	month = may,
	year = {2013},
	pages = {659--667},
	file = {Submitted Version:/Users/palafox/Zotero/storage/6CGGUE5X/Prakash et al. - 2013 - Fractional Immunization in Networks.pdf:application/pdf}
}

@article{Mei_Bullo_2017,
	title = {On the dynamics of deterministic epidemic propagation over networks},
	volume = {44},
	issn = {13675788},
	url = {https://linkinghub.elsevier.com/retrieve/pii/S1367578817300810},
	doi = {10.1016/j.arcontrol.2017.09.002},
	language = {en},
	urldate = {2020-09-17},
	journal = {Annual Reviews in Control},
	author = {Mei, Wenjun and Mohagheghi, Shadi and Zampieri, Sandro and Bullo, Francesco},
	year = {2017},
	pages = {116--128},
	file = {Submitted Version:/Users/palafox/Zotero/storage/IH9PV94F/Mei et al. - 2017 - On the dynamics of deterministic epidemic propagat.pdf:application/pdf}
}

@article{iacopini_simplicial_2019,
	title = {Simplicial models of social contagion},
	volume = {10},
	issn = {2041-1723},
	url = {http://www.nature.com/articles/s41467-019-10431-6},
	doi = {10.1038/s41467-019-10431-6},
	language = {en},
	number = {1},
	urldate = {2020-09-17},
	journal = {Nature Communications},
	author = {Iacopini, Iacopo and Petri, Giovanni and Barrat, Alain and Latora, Vito},
	month = dec,
	year = {2019},
	pages = {2485},
	file = {Full Text:/Users/palafox/Zotero/storage/FZMN4U4T/Iacopini et al. - 2019 - Simplicial models of social contagion.pdf:application/pdf}
}

@inproceedings{ruhi_sirs_2015,
	address = {Osaka},
	title = {{SIRS} epidemics on complex networks: {Concurrence} of exact {Markov} chain and approximated models},
	isbn = {978-1-4799-7886-1},
	shorttitle = {{SIRS} epidemics on complex networks},
	url = {http://ieeexplore.ieee.org/document/7402660/},
	doi = {10.1109/CDC.2015.7402660},
	urldate = {2020-09-22},
	booktitle = {2015 54th {IEEE} {Conference} on {Decision} and {Control} ({CDC})},
	publisher = {IEEE},
	author = {Ruhi, Navid Azizan and Hassibi, Babak},
	month = dec,
	year = {2015},
	pages = {2919--2926},
	file = {Submitted Version:/Users/palafox/Zotero/storage/ULPMQRQR/Ruhi and Hassibi - 2015 - SIRS epidemics on complex networks Concurrence of.pdf:application/pdf}
}

@article{ruhi_analysis_2016,
	title = {Analysis of {Exact} and {Approximated} {Epidemic} {Models} over {Complex} {Networks}},
	url = {http://arxiv.org/abs/1609.09565},
	urldate = {2020-09-22},
	journal = {arXiv:1609.09565 [cs, math]},
	author = {Ruhi, Navid Azizan and Ahn, Hyoung Jun and Hassibi, Babak},
	month = sep,
	year = {2016},
	note = {arXiv: 1609.09565},
	keywords = {Mathematics - Dynamical Systems, Computer Science - Social and Information Networks},
	annote = {Comment: Submitted to the IEEE Transactions on Network Science and Engineering},
	file = {arXiv Fulltext PDF:/Users/palafox/Zotero/storage/WGM7Y52K/Ruhi et al. - 2016 - Analysis of Exact and Approximated Epidemic Models.pdf:application/pdf;arXiv.org Snapshot:/Users/palafox/Zotero/storage/P2KHNVMS/1609.html:text/html}
}

@article{mieghem_2009,
	title = {Virus {Spread} in {Networks}},
	volume = {17},
	issn = {1063-6692, 1558-2566},
	url = {http://ieeexplore.ieee.org/document/4549746/},
	doi = {10.1109/TNET.2008.925623},
	number = {1},
	urldate = {2020-09-22},
	journal = {IEEE/ACM Transactions on Networking},
	author = {Van Mieghem, P. and Omic, J. and Kooij, R.},
	month = feb,
	year = {2009},
	pages = {1--14}
}

@article{zheng_node-based_2019,
	title = {A {Node}-{Based} {SIRS} {Epidemic} {Model} with {Infective} {Media} on {Complex} {Networks}},
	volume = {2019},
	issn = {1076-2787, 1099-0526},
	url = {https://www.hindawi.com/journals/complexity/2019/2849196/},
	doi = {10.1155/2019/2849196},
	language = {en},
	urldate = {2020-09-22},
	journal = {Complexity},
	author = {Zheng, Leyi and Tang, Longkun},
	month = feb,
	year = {2019},
	pages = {1--14},
	file = {Full Text:/Users/palafox/Zotero/storage/YJ6BTKDJ/Zheng and Tang - 2019 - A Node-Based SIRS Epidemic Model with Infective Me.pdf:application/pdf}
}

@article{wijayanto_effective_2019,
	title = {Effective and scalable methods for graph protection strategies against epidemics on dynamic networks},
	volume = {4},
	issn = {2364-8228},
	url = {https://appliednetsci.springeropen.com/articles/10.1007/s41109-019-0122-7},
	doi = {10.1007/s41109-019-0122-7},
	language = {en},
	number = {1},
	urldate = {2020-09-24},
	journal = {Applied Network Science},
	author = {Wijayanto, Arie Wahyu and Murata, Tsuyoshi},
	month = dec,
	year = {2019},
	pages = {18},
	file = {Full Text:/Users/palafox/Zotero/storage/M37C3UFZ/Wijayanto and Murata - 2019 - Effective and scalable methods for graph protectio.pdf:application/pdf}
}

@article{pastor-satorras_epidemic_2015,
	title = {Epidemic processes in complex networks},
	volume = {87},
	issn = {0034-6861, 1539-0756},
	url = {https://link.aps.org/doi/10.1103/RevModPhys.87.925},
	doi = {10.1103/RevModPhys.87.925},
	language = {en},
	number = {3},
	urldate = {2020-09-25},
	journal = {Reviews of Modern Physics},
	author = {Pastor-Satorras, Romualdo and Castellano, Claudio and Van Mieghem, Piet and Vespignani, Alessandro},
	month = aug,
	year = {2015},
	pages = {925--979},
	file = {Accepted Version:/Users/palafox/Zotero/storage/AGSJWE78/Pastor-Satorras et al. - 2015 - Epidemic processes in complex networks.pdf:application/pdf}
}

@article{danon_networks_2011,
	title = {Networks and the {Epidemiology} of {Infectious} {Disease}},
	volume = {2011},
	issn = {1687-708X, 1687-7098},
	url = {http://www.hindawi.com/journals/ipid/2011/284909/},
	doi = {10.1155/2011/284909},
	language = {en},
	urldate = {2020-09-25},
	journal = {Interdisciplinary Perspectives on Infectious Diseases},
	author = {Danon, Leon and Ford, Ashley P. and House, Thomas and Jewell, Chris P. and Keeling, Matt J. and Roberts, Gareth O. and Ross, Joshua V. and Vernon, Matthew C.},
	year = {2011},
	pages = {1--28},
	file = {Full Text:/Users/palafox/Zotero/storage/RPCEA3XV/Danon et al. - 2011 - Networks and the Epidemiology of Infectious Diseas.pdf:application/pdf}
}

@article{yang_heterogeneous_2017,
	title = {Heterogeneous virus propagation in networks: a theoretical study: {L}.{X}. {YANG}, {M}. {DRAIEF} {AND} {X}. {YANG}},
	volume = {40},
	issn = {01704214},
	shorttitle = {Heterogeneous virus propagation in networks},
	url = {http://doi.wiley.com/10.1002/mma.4061},
	doi = {10.1002/mma.4061},
	language = {en},
	number = {5},
	urldate = {2020-09-25},
	journal = {Mathematical Methods in the Applied Sciences},
	author = {Yang, Luxing and Draief, Moez and Yang, Xiaofan},
	month = mar,
	year = {2017},
	pages = {1396--1413}
}

 @article{Cisneros-Velarde_Bullo_2020,
 	 title={Multi-group SIS Epidemics with Simplicial and Higher-Order Interactions}, url={http://arxiv.org/abs/2005.11404}, 
 	  note={arXiv: 2005.11404}, 
 	  journal={arXiv:2005.11404 [physics]},
 	   author={Cisneros-Velarde, Pedro and Bullo, Francesco},
 	    year={2020},
 	     month={May} }

 @article{Liu_Buss_2020, 
 	title={Optimal Control for Heterogeneous Node-Based Information Epidemics Over Social Networks},
 	 volume={7}, 
 	 ISSN={2325-5870, 2372-2533},
 	  DOI={10.1109/TCNS.2019.2963488}, 
 	  number={3}, 
 	  journal={IEEE Transactions on Control of Network Systems},
 	   author={Liu, Fangzhou and Buss, Martin}, 
 	   year={2020}, 
 	   month={Sep}, 
 	   pages={1115–1126} }

 @book{Newman_2018,
 	 title={Networks}, 
 	volume={1},
 	 ISBN={978-0-19-880509-0}, url={https://oxford.universitypressscholarship.com/view/10.1093/oso/9780198805090.001.0001/oso-9780198805090}, 
 	 DOI={10.1093/oso/9780198805090.001.0001}, 
 	 publisher={Oxford University Press}, 
 	 author={Newman, Mark}, year={2018}, month={Oct} }



 @book{bailey_mathematical_1975,
	address = {London},
	edition = {2nd},
	title = {The mathematical theory of infectious diseases and its applications},
	isbn = {978-0-85264-231-3},
	publisher = {Griffin},
	author = {Bailey, Norman T. J.},
	year = {1975},
	keywords = {Epidemiology, Mathematical models},
	annote = {First ed. published in 1957 under title: The mathematical theory of epidemics Includes indexes}
	}
 
 @article{Ball_Britton_Sirl_2013,
 title={{A network with tunable clustering, degree correlation and degree distribution, and an epidemic thereon}}, 
 volume={66}, 
 ISSN={0303-6812, 1432-1416}, 
 DOI={10.1007/s00285-012-0609-7}, 
 number={4–5}, 
 journal={{Journal of Mathematical Biology}}, 
 author={Ball, Frank and Britton, Tom and Sirl, David}, 
 year={2013}, 
 month={Mar}, 
 pages={979–1019} 
 }
 
 @InProceedings{Barrett_Bisset_Leidig_Marathe_Marathe, 
 title={{Estimating the Impact of Public and Private Strategies for Controlling an Epidemic: A Multi-Agent Approach}},
 author={Barrett, Christopher L and Bisset, Keith and Leidig, Jonathan and Marathe, Achla and Marathe, Madhav}, 
 pages={6} 
 }
 
 @article{Boguna_Pastor_2002, 
 title={{Epidemic spreading in correlated complex networks}}, 
 volume={66},
 ISSN={1063-651X, 1095-3787}, 
 DOI={10.1103/PhysRevE.66.047104}, 
 number={4}, 
 journal={{Physical Review E}}, 
 author={Boguña, Marián and Pastor-Satorras, Romualdo}, 
 year={2002},
 month={Oct}, 
 pages={047104} 
 }
 
 @article{Bootsma_Ferguson_2007, 
 title={{The effect of public health measures on the 1918 influenza pandemic in U.S. cities}}, 
 volume={104}, 
 ISSN={0027-8424}, 
 DOI={10.1073/pnas.0611071104}, 
 number={18},
 journal={{Proceedings of the National Academy of Sciences}}, 
 author={Bootsma, Martin C. J. and Ferguson, Neil M.}, 
 year={2007}, 
 month={May}, 
 pages={7588–7593} 
 }
 
  

 
 @article{Britton_2020, 
 title={{Epidemic models on social networks—With inference}}, 
 volume={74}, 
 ISSN={0039-0402, 1467-9574}, 
 DOI={10.1111/stan.12203}, 
 number={3}, 
 journal={{Statistica Neerlandica}}, 
 author={Britton, Tom}, 
 year={2020}, 
 month={Aug}, 
 pages={222–241} 
 }
 
 @article{Britton_etal_2007, 
 title={{Graphs with specified degree distributions, simple epidemics, and local vaccination strategies}}, 
 volume={39}, 
 ISSN={0001-8678, 1475-6064}, 
 DOI={10.1239/aap/1198177233}, 
 number={4}, 
 journal={{Advances in Applied Probability}}, 
 author={Britton, Tom and Janson, Svante and Martin-Löf, Anders}, 
 year={2007}, 
 month={Dec}, 
 pages={922–948} 
 }
 
 @inproceedings{Chumachenko_2018, 
 place={Lviv}, 
 title={{On Intelligent Multiagent Approach to Viral Hepatitis B Epidemic Processes Simulation}}, 
 ISBN={978-1-5386-2874-4}, 
 url={https://ieeexplore.ieee.org/document/8478602/},
 DOI={10.1109/DSMP.2018.8478602}, 
 booktitle={2018 IEEE Second International Conference on Data Stream Mining \& Processing (DSMP)}, 
 publisher={{IEEE}}, 
 author={Chumachenko, Dmytro}, 
 year={2018}, 
 month={Aug}, 
 pages={415–419} 
 }
 
  @inproceedings{Chumachenko_Yakovlev_2019, 
  place={Polyana, Ukraine}, 
  title={{On Intelligent Agent-Based Simulation of Network Worms Propagation}}, 
  ISBN={978-1-72810-053-1}, 
  url={https://ieeexplore.ieee.org/document/8779342/}, 
  DOI={10.1109/CADSM.2019.8779342}, 
  booktitle={{2019 IEEE 15th International Conference on the Experience of Designing and Application of CAD Systems (CADSM)}},
  publisher={IEEE}, 
  author={Chumachenko, Dmytro and Yakovlev, Sergiy}, 
  year={2019}, 
  month={Feb}, 
  pages={11–14} 
  }

 
 @book{Cohen_Havlin_2010,
  place={Cambridge}, 
  title={{Complex Networks: Structure, Robustness and Function}}, 
  ISBN={978-0-511-78035-6}, url={http://ebooks.cambridge.org/ref/id/CBO9780511780356}, 
  DOI={10.1017/CBO9780511780356}, 
  publisher={{Cambridge University Press}}, 
  author={Cohen, Reuven and Havlin, Shlomo},
  year={2010} 
  }
  
 @article{Danon_Ford_House_Jewell_Keeling_Roberts_Ross_Vernon_2011, 
 title={{Networks and the Epidemiology of Infectious Disease}}, 
 volume={2011}, ISSN={1687-708X, 1687-7098}, 
 DOI={10.1155/2011/284909}, 
 journal={{Interdisciplinary Perspectives on Infectious Diseases}}, 
 author={Danon, Leon and Ford, Ashley P. and House, Thomas and Jewell, Chris P. and Keeling, Matt J. and Roberts, Gareth O. and Ross, Joshua V. and Vernon, Matthew C.}, 
 year={2011},  pages={1–28} }
 
 @article{Duan_Fan_Zhang_Guo_Qiu_2015, 
 title={{Mathematical and computational approaches to epidemic modeling: a comprehensive review}},
 volume={9}, 
 ISSN={2095-2228, 2095-2236}, 
 DOI={10.1007/s11704-014-3369-2}, 
 number={5}, 
 journal={{Frontiers of Computer Science}}, 
 author={Duan, Wei and Fan, Zongchen and Zhang, Peng and Guo, Gang and Qiu, Xiaogang}, 
 year={2015}, 
 month={Oct}, 
 pages={806–826} 
 }
 
 @article{Draief_2006, 
 title={{Epidemic processes on complex networks}},
 volume={363}, 
 ISSN={03784371}, 
 DOI={10.1016/j.physa.2006.01.054}, 
 number={1}, 
 journal={{Physica A: Statistical Mechanics and its Applications}},
 author={Draief, Moez}, 
 year={2006}, 
 month={Apr}, 
 pages={120–131} 
 }

 
 @article{Fransson_Trapman_2019, 
 title={{SIR epidemics and vaccination on random graphs with clustering}}, 
 volume={78}, 
 ISSN={0303-6812, 1432-1416}, 
 DOI={10.1007/s00285-019-01347-2}, 
 number={7}, 
 journal={{Journal of Mathematical Biology}}, 
 author={Fransson, Carolina and Trapman, Pieter}, 
 year={2019}, 
 month={Jun}, 
 pages={2369–2398} 
 }
 
 @inproceedings{Frias-Martinez_Williamson_Frias-Martinez_2011, 
 place={Boston, MA},
 title={{An Agent-Based Model of Epidemic Spread Using Human Mobility and Social Network Information}},
 ISBN={978-1-4577-1931-8}, 
 url={https://ieeexplore.ieee.org/document/6113095/}, 
 DOI={10.1109/PASSAT/SocialCom.2011.142}, 
 booktitle={{2011 IEEE Third International Conference on Privacy, Security, Risk and Trust and 2011 IEEE Third International Conference on Social Computing}},
 publisher={{IEEE}}, 
 author={Frias-Martinez, Enrique and Williamson, Graham and Frias-Martinez, Vanessa}, 
 year={2011}, 
 month={Oct}, 
 pages={57–64} 
 }
 
 @article{Gordon_2003,
 title={A simple agent model of an epidemic}, 
 volume={70}, 
 ISSN={00401625}, 
 DOI={10.1016/S0040-1625(02)00323-2}, 
 number={5}, 
 journal={{Technological Forecasting and Social Change}}, 
 author={Gordon, Theodore J.}, 
 year={2003}, 
 month={Jun},
 pages={397–417} 
 }
 
 @article{Hackl_Dubernet_2019, 
 title={{Epidemic Spreading in Urban Areas Using Agent-Based Transportation Models}}, 
 volume={11}, 
 ISSN={1999-5903}, 
 DOI={10.3390/fi11040092}, 
 number={4}, 
 journal={{Future Internet}}, 
 author={Hackl, Jürgen and Dubernet, Thibaut}, 
 year={2019}, 
 month={Apr}, 
 pages={92} 
 }
 
 @article{Hassin_2021, 
 title={{A Simple Markovian Spreading Process with Mobile Agents}}, 
 volume={11}, 
 ISSN={1946-5238, 1946-5238}, 
 DOI={10.1287/stsy.2019.0061}, 
 number={1}, 
 journal={{Stochastic Systems}}, 
 author={Hassin, Refael}, 
 year={2021}, 
 month={Mar}, 
 pages={19–33} 
 }
 
 @article{Havlin_2009, 
 title={{Phone Infections}}, 
 volume={324},
 ISSN={0036-8075, 1095-9203}, 
 DOI={10.1126/science.1174658}, 
 number={5930}, 
 journal={Science}, 
 author={Havlin, S.}, 
 year={2009}, 
 month={May}, 
 pages={1023–1024} 
 }
 
 @article{Hoertel_Blachier_Blanco_etal_2020, 
 title={{A stochastic agent-based model of the SARS-CoV-2 epidemic in France}}, 
 volume={26}, 
 ISSN={1078-8956, 1546-170X}, 
 DOI={10.1038/s41591-020-1001-6}, 
 number={9}, 
 journal={{Nature Medicine}}, 
 author={Höertel, Nicolas and Blachier, Martin and Blanco, Carlos and Olfson, Mark and Massetti, Marc and Rico, Marina Sánchez and Limosin, Frédéric and Leleu, Henri}, 
 year={2020}, 
 month={Sep}, 
 pages={1417–1421} 
 }
 
 @article{Keeling_Eames_2005, 
 title={Networks and epidemic models},
  volume={2}, 
  ISSN={1742-5689, 1742-5662}, 
  DOI={10.1098/rsif.2005.0051}, 
  number={4}, 
  journal={{Journal of The Royal Society Interface}}, 
  author={Keeling, Matt J and Eames, Ken T.D}, 
  year={2005}, 
  month={Sep}, 
  pages={295–307} 
  }
  
 @article{Kemper_1978, 
 title={{The effects of asymptomatic attacks on the spread of infectious disease: A deterministic model}}, 
 volume={40},
 ISSN={00928240}, 
 DOI={10.1016/S0092-8240(78)80003-2},
 number={6}, 
 journal={{Bulletin of Mathematical Biology}}, 
 author={Kemper, J}, 
 year={1978}, 
 pages={707–718} 
 }
 
 @book{Kiss_Miller_Simon_2017, 
 place={Cham}, 
 series={{Interdisciplinary Applied Mathematics}}, 
 title={{Mathematics of Epidemics on Networks: From Exact to Approximate Models}}, 
 volume={46}, 
 ISBN={978-3-319-50804-7}, 
 url={http://link.springer.com/10.1007/978-3-319-50806-1}, 
 DOI={10.1007/978-3-319-50806-1}, 
 publisher={{Springer International Publishing}}, 
 author={Kiss, István Z. and Miller, Joel C. and Simon, Péter L.}, 
 year={2017}, 
 collection={Interdisciplinary Applied Mathematics} 
 }
 
 @article{Li_Mackaness_2015, 
 title={{A multi-agent-based, semantic-driven system for decision support in epidemic management}}, 
 volume={21}, 
 ISSN={1460-4582, 1741-2811}, 
 DOI={10.1177/1460458213517704}, 
 number={3}, 
 journal={{Health Informatics Journal}},
 author={Li, Sen and Mackaness, William A}, 
 year={2015}, 
 month={Sep}, 
 pages={195–208} 
 }
 
 @inproceedings{Luke_etal, 
 title={{MASON: A New Multi-Agent Simulation Toolkit}}, 
 author={Luke, Sean and Ciofﬁ-Revilla, Claudio and Panait, Liviu and Sullivan, Keith}, 
 year={2004},
 pages={8} 
 }
 
 @article{Mahmood_Arabnejad_Suleimenova_etal_2020, 
 title={{FACS: a geospatial agent-based simulator for analysing COVID-19 spread and public health measures on local regions}}, 
ISSN={1747-7778, 1747-7786}, 
DOI={10.1080/17477778.2020.1800422}, 
journal={{Journal of Simulation}}, 
author={Mahmood, Imran and Arabnejad, Hamid and Suleimenova, Diana and Sassoon, Isabel and Marshan, Alaa and Serrano-Rico, Alan and Louvieris, Panos and Anagnostou, Anastasia and Taylor, Simon J E and Bell, David and et al.},
year={2020}, 
month={Aug}, 
pages={1--19} 
}

 @article{Manzo_2020, 
 title={{Complex Social Networks are Missing in the Dominant COVID-19 Epidemic Models}}, 
 volume={Vol 14}, 
 DOI={10.6092/ISSN.1971-8853/10839},
 ISSN ={1971-8853/10839},
  journal={Sociologica}, 
  publisher={Sociologica}, 
  author={Manzo, Gianluca}, 
  year={2020}, 
  month={May}, 
  pages={31-49 Pages} 
  }
  
 @article{Mei_Sloot_Quax_Zhu_Wang_2010, 
 title={{Complex agent networks explaining the HIV epidemic among homosexual men in Amsterdam}}, 
 volume={80}, 
 ISSN={03784754}, 
 DOI={10.1016/j.matcom.2009.12.008},
 number={5}, 
 journal={{Mathematics and Computers in Simulation}}, 
 author={Mei, Shan and Sloot, P.M.A. and Quax, Rick and Zhu, Yifan and Wang, Weiping}, 
 year={2010}, 
 month={Jan}, 
 pages={1018–1030} 
 }
 
 @article{Mei_Zarrabi_Lees_Sloot_2015, 
 title={{Complex agent networks: An emerging approach for modeling complex systems}}, 
 volume={37}, 
 ISSN={15684946}, 
 DOI={10.1016/j.asoc.2015.08.010}, 
 journal={{Applied Soft Computing}}, 
 author={Mei, Shan and Zarrabi, Narges and Lees, Michael and Sloot, Peter M.A.}, 
 year={2015}, 
 month={Dec}, 
 pages={311–321} 
 }
 
 @book{Mesbahi_Egerstedt_2010, 
 place={Princeton}, 
 series={{Princeton series in applied mathematics}}, 
 title={{Graph theoretic methods in multiagent networks}}, 
 ISBN={978-0-691-14061-2}, 
 publisher={{Princeton University Press}}, 
 author={Mesbahi, Mehran and Egerstedt, Magnus}, 
 year={2010}, 
 collection={{Princeton series in applied mathematics}} 
 }
 


 
 @article{Nadini_Zino_Rizzo_Porfiri_2020, 
 title={{A multi-agent model to study epidemic spreading and vaccination strategies in an urban-like environment}},
 volume={5}, 
 ISSN={2364-8228}, 
 DOI={10.1007/s41109-020-00299-7}, 
 number={1}, 
 journal={{Applied Network Science}}, 
 author={Nadini, Matthieu and Zino, Lorenzo and Rizzo, Alessandro and Porfiri, Maurizio}, 
 year={2020}, 
 month={Dec}, 
 pages={68} 
 }
 
 @article{Nakamura_Monteiro_Cardoso_Martinez_2017, 
 title={{Efficient method for comprehensive computation of agent-level epidemic dissemination in networks}}, 
 volume={7},
 ISSN={2045-2322}, 
 DOI={10.1038/srep40885}, 
 number={1}, 
 journal={{Scientific Reports}},
 author={Nakamura, Gilberto M. and Monteiro, Ana Carolina P. and Cardoso, George C. and Martinez, Alexandre S.},
 year={2017}, 
 month={Feb}, 
 pages={40885} 
 }
 
 @article{Newman_2002,
  title={{Spread of epidemic disease on networks}}, 
  volume={66}, ISSN={1063-651X, 1095-3787}, 
  DOI={10.1103/PhysRevE.66.016128}, 
  number={1}, 
  journal={{Physical Review E}}, 
  author={Newman, M. E. J.}, 
  year={2002}, 
  month={Jul}, 
  pages={016128} 
  }
  
  @article{Nowzari_etal_2016,
  author={Nowzari, Cameron and Preciado, Victor M. and Pappas, George J.},
  journal={IEEE Control Systems Magazine}, 
  title={{Analysis and Control of Epidemics: A Survey of Spreading Processes on Complex Networks}}, 
  year={2016},
  volume={36},
  number={1},
  ISSN={1066-033X, 1941-000X},
  pages={26-46},
  doi={10.1109/MCS.2015.2495000}}
  
 @inproceedings{Paarporn_Eksin_Weitz_Shamma_2015,
  place={Monticello, IL}, 
  title={{Epidemic spread over networks with agent awareness and social distancing}}, 
  ISBN={978-1-5090-1824-6}, 
  url={http://ieeexplore.ieee.org/document/7446985/}, 
  DOI={10.1109/ALLERTON.2015.7446985}, 
   booktitle={{2015 53rd Annual Allerton Conference on Communication, Control, and Computing (Allerton)}}, 
   publisher={{IEEE}}, 
   author={Paarporn, Keith and Eksin, Ceyhun and Weitz, Joshua S. and Shamma, Jeff S.}, 
   year={2015}, 
   month={Sep}, 
   pages={51–57} 
   }
   
 @article{PastorSatorras_etal_2015, 
 title={{Epidemic processes in complex networks}}, 
 volume={87}, 
 ISSN={0034-6861, 1539-0756}, 
 DOI={10.1103/RevModPhys.87.925}, 
 number={3},
 journal={{Reviews of Modern Physics}}, 
 author={Pastor-Satorras, Romualdo and Castellano, Claudio and Van Mieghem, Piet and Vespignani, Alessandro},
 year={2015}, 
 month={Aug}, 
 pages={925–979} 
 }
 
 @article{Pellis_Ball_Bansal_Eames_House_Isham_Trapman_2015,
  title={{Eight challenges for network epidemic models}}, 
  volume={10}, 
  ISSN={17554365}, 
  DOI={10.1016/j.epidem.2014.07.003}, 
  journal={Epidemics}, 
  author={Pellis, Lorenzo and Ball, Frank and Bansal, Shweta and Eames, Ken and House, Thomas and Isham, Valerie and Trapman, Pieter}, 
  year={2015}, 
  month={Mar}, 
  pages={58–62} 
  }
  
 @article{Peng_Jin_Shi_2010,
  title={{Epidemic threshold and immunization on generalized networks}}, 
  volume={389}, ISSN={03784371}, 
  DOI={10.1016/j.physa.2009.09.047}, 
  number={3}, 
  journal={{Physica A: Statistical Mechanics and its Applications}}, 
  author={Peng, Chengbin and Jin, Xiaogang and Shi, Meixia}, 
  year={2010}, 
  month={Feb}, 
  pages={549–560} 
  }
  
 @article{Perez_Dragicevic_2009, 
 title={{An agent-based approach for modeling dynamics of contagious disease spread}}, 
 volume={8}, 
 ISSN={1476-072X}, 
 DOI={10.1186/1476-072X-8-50}, 
 number={1}, 
 journal={{International Journal of Health Geographics}},
  author={Perez, Liliana and Dragicevic, Suzana}, 
  year={2009}, 
  pages={50} 
  }
  
 @inproceedings{Prakash_Adamic_Iwashyna_Tong_Faloutsos_2013, 
 title={{Fractional Immunization in Networks}}, 
 ISBN={978-1-61197-262-7}, 
 url={https://epubs.siam.org/doi/10.1137/1.9781611972832.73}, 
 DOI={10.1137/1.9781611972832.73}, 
 booktitle={{Proceedings of the 2013 SIAM International Conference on Data Mining}}, 
 publisher={{Society for Industrial and Applied Mathematics}}, 
 author={Prakash, B. Aditya and Adamic, Lada and Iwashyna, Theodore and Tong, Hanghang and Faloutsos, Christos},
 year={2013}, 
 month={May}, 
 pages={659–667} 
 }
 
 @article{Ruhi_Ahn_Hassibi_2016, 
 title={{Analysis of Exact and Approximated Epidemic Models over Complex Networks}}, 
 url={http://arxiv.org/abs/1609.09565}, 
 note={arXiv: 1609.09565}, 
 journal={arXiv:1609.09565 [cs, math]}, 
 author={Ruhi, Navid Azizan and Ahn, Hyoung Jun and Hassibi, Babak}, 
 year={2016}, 
 month={Sep} 
 }
 
 @article{Serrano_Boguna_2006, 
 title={{Percolation and Epidemic Thresholds in Clustered Networks}}, 
 volume={97}, 
 ISSN={0031-9007, 1079-7114}, 
 DOI={10.1103/PhysRevLett.97.088701}, 
 number={8}, 
 journal={{Physical Review Letters}}, 
 author={Serrano, M. Ángeles and Boguñá, Marián}, 
 year={2006}, 
 month={Aug}, 
 pages={088701} 
 }
 
 @article{Silva_etal_2020, 
 title={{COVID-ABS: An agent-based model of COVID-19 epidemic to simulate health and economic effects of social distancing interventions}}, 
 volume={139}, 
 ISSN={09600779}, 
 DOI={10.1016/j.chaos.2020.110088}, 
 journal={Chaos, Solitons \& Fractals}, 
 author={Silva, Petrônio C.L. and Batista, Paulo V.C. and Lima, Hélder S. and Alves, Marcos A. and Guimarães, Frederico G. and Silva, Rodrigo C.P.}, 
 year={2020}, 
 month={Oct}, 
 pages={110088} 
 }
 
 @article{Small_Cavanagh_2020, 
 title={{Modelling Strong Control Measures for Epidemic Propagation With Networks—A COVID-19 Case Study}},
  volume={8}, 
  ISSN={2169-3536}, 
  DOI={10.1109/ACCESS.2020.3001298}, 
  journal={{IEEE Access}}, 
  author={Small, Michael and Cavanagh, David}, 
  year={2020}, 
  pages={109719–109731} 
  }
  
 @article{Spricer_Britton_2019, 
 title={{An SIR epidemic on a weighted network}}, 
 volume={7}, 
 ISSN={2050-1242, 2050-1250}, 
 DOI={10.1017/nws.2019.54}, 
  number={4}, 
  journal={Network Science}, 
  author={Spricer, Kristoffer and Britton, Tom}, 
  year={2019},
  month={Dec}, 
  pages={556–580} 
  }
  
 @article{Chakrabarti_Wang_Wang_Leskovec_Faloutsos_2008, 
 title={{Epidemic thresholds in real networks}}, 
 volume={10}, 
 ISSN={1094-9224, 1557-7406}, 
 DOI={10.1145/1284680.1284681}, 
 number={4}, 
 journal={{ACM Transactions on Information and System Security}}, author={Chakrabarti, Deepayan and Wang, Yang and Wang, Chenxi and Leskovec, Jurij and Faloutsos, Christos},
 year={2008}, 
 month={Jan}, 
 pages={1–26} 
 }
 
  @article{Wooldridge_Jennings_1995, 
  title={Intelligent agents: theory and practice}, 
  volume={10}, 
  ISSN={0269-8889, 1469-8005}, 
  DOI={10.1017/S0269888900008122}, 
  number={2}, 
  journal={The Knowledge Engineering Review}, 
  author={Wooldridge, Michael and Jennings, Nicholas R.}, 
  year={1995}, 
  month={Jun}, 
  pages={115–152} 
  }

 @article{Pastor-Satorras_Vespignani_2002, 
 title={Immunization of complex networks}, 
 volume={65}, 
 ISSN={1063-651X, 1095-3787}, 
 DOI={10.1103/PhysRevE.65.036104}, 
 number={3}, 
 journal={Physical Review E}, 
 author={Pastor-Satorras, Romualdo and Vespignani, Alessandro}, year={2002}, 
 month={Feb}, 
 pages={036104} 
 }


 @inproceedings{Teweldemedhin_Marwala_Mueller, 
 title={{Agent-based Modelling: A Case Study in HIV Epidemic}}, 
  author={Teweldemedhin, Eyob and Marwala, Tshilidzi and Mueller, Conrad}, 
  pages={154-159},
  booktitle={{Fourth International Conference on Hybrid Intelligent Systems (HIS'04)}},
  year={2004},
  DOI={10.1109/ICHIS.2004.16},
  ISBN={0-7695-2291-2}
  }
 
 @inbook{Tian_Ding_Cao_Jiang_2007, 
 place={Berlin, Heidelberg}, 
 series={{Lecture Notes in Computer Science}}, 
 title={{Extensive Epidemic Spreading Model Based on Multi-agent System Framework}}, 
 volume={4490}, 
 ISBN={978-3-540-72589-3}, 
 url={http://link.springer.com/10.1007/978-3-540-72590-9_17}, 
 DOI={10.1007/978-3-540-72590-9_17}, 
 booktitle={{Computational Science – ICCS 2007}}, 
 publisher={Springer Berlin Heidelberg}, 
 author={Tian, Chunhua and Ding, Wei and Cao, Rongzeng and Jiang, Shun}, 
 year={2007}, 
 pages={129–133}, 
collection={Lecture Notes in Computer Science}
 }
 
 @article{Van_Mieghem_Omic_Kooij_2009, 
 title={{Virus Spread in Networks}}, 
 volume={17}, 
 ISSN={1063-6692, 1558-2566},
 DOI={10.1109/TNET.2008.925623}, 
 number={1}, 
 journal={{IEEE/ACM Transactions on Networking}}, 
 author={Van Mieghem, P. and Omic, J. and Kooij, R.}, 
 year={2009}, 
 month={Feb}, 
 pages={1–14} 
 }
 
 @article{YichuanJiang_Jiang_2015, 
 title={{Diffusion in Social Networks: A Multiagent Perspective}}, 
 volume={45}, 
 ISSN={2168-2216, 2168-2232}, 
 DOI={10.1109/TSMC.2014.2339198}, 
 number={2}, 
 journal={{IEEE Transactions on Systems, Man, and Cybernetics: Systems}}, 
 author={Yichuan, Jiang and Jiang, J. C.}, 
 year={2015}, 
 month={Feb}, 
 pages={198–213} 
 }
 
 @article{Zhang_Jin_2011, 
 title={{The analysis of an epidemic model on networks}},
  volume={217}, ISSN={00963003}, 
  DOI={10.1016/j.amc.2010.09.063}, 
  number={17}, 
  journal={{Applied Mathematics and Computation}}, 
  author={Zhang, Ju-ping and Jin, Zhen}, 
  year={2011}, 
  month={May}, 
  pages={7053--7064} 
  }
 
 @article{Zheng_Tang_2019, 
 title={{A Node-Based SIRS Epidemic Model with Infective Media on Complex Networks}}, 
 volume={2019}, 
 ISSN={1076-2787, 1099-0526}, 
 DOI={10.1155/2019/2849196}, 
 journal={Complexity}, 
 author={Zheng, Leyi and Tang, Longkun}, 
 year={2019}, 
 month={Feb}, 
 pages={1--14} 
 }
 
 @article{Analysis_and_Control_of_Epidemics_2016, 
 volume={36}, 
 ISSN={1066-033X, 1941-000X},
  DOI={10.1109/MCS.2015.2495000}, 
  number={1}, 
  journal={{IEEE Control Systems}}, 
  year={2016}, 
  month={Feb}, 
  pages={26--46} 
  }
  
@inproceedings{Lurgi_Robertson_2010,
author = {Lurgi, Miguel and Robertson, David},
title = {{Simple Ecological Rules Yield Complex Agent Networks}},
year = {2010},
isbn = {9781607506423},
DOI={10.3233/978-1-60750-643-0-39},
publisher={IOS Press},
address = {{The Netherlands}},
booktitle = {{Proceedings of the 2010 Conference on Artificial Intelligence Research and Development: Proceedings of the 13th International Conference of the Catalan Association for Artificial Intelligence}},
pages = {39–48},
numpages = {10}
}

@article{cerami2021risk,
  title={Risk-Aversion for Negative Health Outcomes May Promote Individual Compliance to Containment Measures in Covid-19 Pandemic},
  author={Cerami, Chiara and Galandra, Caterina and Santi, Gaia Chiara and Dodich, Alessandra and Cappa, Stefano Francesco and Vecchi, Tomaso and Crespi, Chiara},
  journal={Frontiers in Psychology},
  volume={12},
  year={2021},
  publisher={Frontiers}
}